<?xml version="1.0" encoding="UTF-8"?><record xmlns="http://www.loc.gov/MARC21/slim" xmlns:cinclude="http://apache.org/cocoon/include/1.0" xmlns:zs="http://www.loc.gov/zing/srw/">
  <leader>00953cz  a2200217n  4500</leader>
  <controlfield tag="001">n 2015041236</controlfield>
  <controlfield tag="003">DLC</controlfield>
  <controlfield tag="005">20160203073714.0</controlfield>
  <controlfield tag="008">150701n| azannaabn          |b aaa      </controlfield>
  <datafield tag="010" ind1=" " ind2=" ">
    <subfield code="a">n 2015041236</subfield>
  </datafield>
  <datafield tag="035" ind1=" " ind2=" ">
    <subfield code="a">(OCoLC)oca10207823</subfield>
  </datafield>
  <datafield tag="040" ind1=" " ind2=" ">
    <subfield code="a">DLC</subfield>
    <subfield code="b">eng</subfield>
    <subfield code="e">rda</subfield>
    <subfield code="c">DLC</subfield>
    <subfield code="d">DLC</subfield>
    <subfield code="d">InU</subfield>
  </datafield>
  <datafield tag="100" ind1="1" ind2=" ">
    <subfield code="a">Golosova, Olʹga</subfield>
  </datafield>
  <datafield tag="374" ind1=" " ind2=" ">
    <subfield code="a">Editors</subfield>
    <subfield code="2">lcsh</subfield>
  </datafield>
  <datafield tag="378" ind1=" " ind2=" ">
    <subfield code="q">Olʹga Evgenʹevna</subfield>
  </datafield>
  <datafield tag="400" ind1="1" ind2=" ">
    <subfield code="a">Голосова, Ольга</subfield>
  </datafield>
  <datafield tag="400" ind1="1" ind2=" ">
    <subfield code="a">Golosova, O.E.</subfield>
    <subfield code="q">(Olʹga Evgenʹevna)</subfield>
  </datafield>
  <datafield tag="667" ind1=" " ind2=" ">
    <subfield code="a">Non-Latin script reference not evaluated.</subfield>
  </datafield>
  <datafield tag="670" ind1=" " ind2=" ">
    <subfield code="a">Prepodobnyĭ Sergiĭ Radonezhskiĭ v istoricheskikh sudʹbakh Rossii, 2014:</subfield>
    <subfield code="b">t.p. (Olʹga Golosova = Ольга Голосова)</subfield>
  </datafield>
  <datafield tag="670" ind1=" " ind2=" ">
    <subfield code="a">Osnovy pravoslavnoĭ kulʹtury, 2014:</subfield>
    <subfield code="b">verso t.p. (Golosova O.E.)</subfield>
  </datafield>
  <datafield tag="670" ind1=" " ind2=" ">
    <subfield code="a">National Library of Russia in VIAF, Feb. 2, 2016</subfield>
    <subfield code="b">(hdg.: Golosova O. E. literator Olʹga Evgenʹevna; Editor in Chief of Lepta publishers; author/compiler of books on spiritual themes; author)</subfield>
  </datafield>
</record>